<record><leader>00000cas a22000007a 4500</leader><controlfield tag="001">15802983</controlfield><controlfield tag="008">870603d18951909inudn ne      0    0eng d</controlfield><datafield ind1=" " ind2=" " tag="010"><subfield code="a">sn 87056254 </subfield></datafield><datafield ind1=" " ind2=" " tag="040"><subfield code="a">NPI</subfield><subfield code="b">eng</subfield><subfield code="c">NPI</subfield><subfield code="d">OCLCQ</subfield><subfield code="d">DLC</subfield><subfield code="d">OCLCF</subfield></datafield><datafield ind1=" " ind2=" " tag="042"><subfield code="a">msc</subfield></datafield><datafield ind1=" " ind2=" " tag="043"><subfield code="a">n-us-in</subfield></datafield><datafield ind1="0" ind2=" " tag="130"><subfield code="a">Daily independent (Plymouth, Ind.)</subfield></datafield><datafield ind1="1" ind2="4" tag="245"><subfield code="a">The daily independent.</subfield></datafield><datafield ind1=" " ind2=" " tag="260"><subfield code="a">Plymouth, Ind. :</subfield><subfield code="b">Indepndent Pub. Co.,</subfield><subfield code="c">-1909.</subfield></datafield><datafield ind1=" " ind2=" " tag="310"><subfield code="a">Daily (except Sun.)</subfield></datafield><datafield ind1="1" ind2=" " tag="362"><subfield code="a">Began in June 1895?</subfield></datafield><datafield ind1="0" ind2=" " tag="362"><subfield code="a">-v. 12, no. 1090 (Mar. 31, 1909).</subfield></datafield><datafield ind1=" " ind2=" " tag="580"><subfield code="a">Also published in weekly eds. called: Marshall County independent, 1894-1895, 1897-1902; and: The Plymouth Democrat, 1902-1909.</subfield></datafield><datafield ind1=" " ind2=" " tag="580"><subfield code="a">Also published in a semiweekly ed. called: Semi-weekly independent, 1895-1897.</subfield></datafield><datafield ind1=" " ind2=" " tag="588"><subfield code="a">Description based on: Vol. 2, no. 290 (June 16, 1897).</subfield></datafield><datafield ind1=" " ind2="0" tag="651"><subfield code="a">Plymouth (Ind.)</subfield><subfield code="v">Newspapers.</subfield></datafield><datafield ind1=" " ind2="7" tag="655"><subfield code="a">Newspapers.</subfield><subfield code="2">fast</subfield><subfield code="0">(OCoLC)fst01423814</subfield></datafield><datafield ind1=" " ind2="7" tag="651"><subfield code="a">Indiana</subfield><subfield code="z">Plymouth.</subfield><subfield code="2">fast</subfield><subfield code="0">(OCoLC)fst01218147</subfield></datafield><datafield ind1=" " ind2=" " tag="752"><subfield code="a">United States</subfield><subfield code="b">Indiana</subfield><subfield code="c">Marshall</subfield><subfield code="d">Plymouth.</subfield></datafield><datafield ind1="1" ind2=" " tag="775"><subfield code="t">Marshall County independent (Plymouth, Ind. : 1894)</subfield><subfield code="x">2328-7926</subfield><subfield code="w">(DLC)sn 87056249</subfield><subfield code="w">(OCoLC)15802330</subfield></datafield><datafield ind1="1" ind2=" " tag="775"><subfield code="t">Semi-weekly independent (Plymouth, Ind.)</subfield><subfield code="x">2328-7977</subfield><subfield code="w">(DLC)sn 87056250</subfield><subfield code="w">(OCoLC)15802532</subfield></datafield><datafield ind1="1" ind2=" " tag="775"><subfield code="t">Marshall County independent (Plymouth, Ind. : 1897)</subfield><subfield code="x">2328-8000</subfield><subfield code="w">(DLC)sn 87056251</subfield><subfield code="w">(OCoLC)15802596</subfield></datafield><datafield ind1="0" ind2="0" tag="785"><subfield code="t">Plymouth daily Democrat</subfield><subfield code="w">(DLC)sn 86058011</subfield></datafield></record>